@book{durbin1998biological,
  title={Biological sequence analysis: probabilistic models of proteins and nucleic acids},
  author={Durbin, Richard and Eddy, Sean R and Krogh, Anders and Mitchison, Graeme},
  year={1998},
  publisher={Cambridge university press}
}

@article{do2005probcons,
  title={ProbCons: Probabilistic consistency-based multiple sequence alignment},
  author={Do, Chuong B and Mahabhashyam, Mahathi SP and Brudno, Michael and Batzoglou, Serafim},
  journal={Genome research},
  volume={15},
  number={2},
  pages={330--340},
  year={2005},
  publisher={Cold Spring Harbor Lab}
}